<record><leader>00000cas a22000007a 4500</leader><controlfield tag="001">14782605</controlfield><controlfield tag="008">861120d19211932paudn ne      0    0eng d</controlfield><datafield ind1=" " ind2=" " tag="010"><subfield code="a">sn 86083400 </subfield></datafield><datafield ind1=" " ind2=" " tag="040"><subfield code="a">NPH</subfield><subfield code="b">eng</subfield><subfield code="c">NPH</subfield><subfield code="d">OCLCQ</subfield></datafield><datafield ind1=" " ind2=" " tag="042"><subfield code="a">msc</subfield></datafield><datafield ind1="0" ind2=" " tag="130"><subfield code="a">Messenger (Homestead, Pa.)</subfield></datafield><datafield ind1="1" ind2="4" tag="245"><subfield code="a">The messenger.</subfield></datafield><datafield ind1=" " ind2=" " tag="260"><subfield code="a">Homestead, Pa. :</subfield><subfield code="b">Messenger Pub. Co.,</subfield><subfield code="c">1921-1932.</subfield></datafield><datafield ind1=" " ind2=" " tag="300"><subfield code="a">22 v.</subfield></datafield><datafield ind1=" " ind2=" " tag="310"><subfield code="a">Daily (except Sunday)</subfield></datafield><datafield ind1="0" ind2=" " tag="362"><subfield code="a">Vol. 46, no. 122 (Aug. 25, 1921)-v. 57, no. 68 (July 21, 1932).</subfield></datafield><datafield ind1=" " ind2=" " tag="500"><subfield code="a">"Official paper of Homestead, Munhall, West Homestead, Hays and Whitaker Boroughs and Mifflin Township.</subfield></datafield><datafield ind1=" " ind2=" " tag="530"><subfield code="a">Also issued on microfilm from Micro Photo Div. of Bell &amp; Howell.</subfield></datafield><datafield ind1=" " ind2=" " tag="752"><subfield code="a">United States</subfield><subfield code="b">Pennsylvania</subfield><subfield code="c">Allegheny</subfield><subfield code="d">Homestead.</subfield></datafield><datafield ind1="0" ind2="0" tag="780"><subfield code="t">Daily messenger (Homestead, Pa. : 1907)</subfield><subfield code="w">(DLC)sn 86083396</subfield></datafield><datafield ind1="0" ind2="0" tag="785"><subfield code="t">Daily messenger (Homestead, Pa. : 1932)</subfield><subfield code="w">(DLC)sn 86083401</subfield></datafield></record>